@article{THOMAE2016152,
title = {The impact of gender ideologies on men's and women's desire for a traditional or non-traditional partner},
journal = {Personality and Individual Differences},
volume = {95},
pages = {152-158},
year = {2016},
issn = {0191-8869},
doi = {https://doi.org/10.1016/j.paid.2016.02.026},
url = {https://www.sciencedirect.com/science/article/pii/S0191886916300812},
author = {Manuela Thomae and Diane M. Houston},
keywords = {Benevolent sexism, benevolence toward men, partner preferences, relationship satisfaction}
}

@article{dawson,
author = {Dawson, Anneka and Pike, Alison and Bird, Lauren},
title = {Parental Division of Household Labour and Sibling Relationship Quality: Family Relationship Mediators},
journal = {Infant and Child Development},
volume = {24},
number = {4},
pages = {379-393},
keywords = {sibling relationship, division of household labour, gender, parenting, middle childhood, marital satisfaction},
doi = {https://doi.org/10.1002/icd.1890},
url = {https://onlinelibrary.wiley.com/doi/abs/10.1002/icd.1890},
eprint = {https://onlinelibrary.wiley.com/doi/pdf/10.1002/icd.1890},
year = {2015}
}

@article{6c1621b9e66c4c4aa10336b4dd32bfe3,
title = "The moderating role of gender and gender role attitudes on the link between spousal support and marital quality",
keywords = "Genderroleattitudes, Marriage, Spousal support",
author = "Mickelson, {Kristin D.} and Claffey, {Sharon T.} and Williams, {Stacey L.}",
year = "2006",
month = jul,
day = "1",
doi = "10.1007/s11199-006-9061-8",
language = "English (US)",
volume = "55",
pages = "73--82",
journal = "Sex Roles: A Journal of Research",
issn = "0360-0025",
publisher = "Springer New York",
number = "1-2",
}

@article{doi:10.1177/0192513X14522246,
author = {Anders Barstad},
title ={Equality Is Bliss? Relationship Quality and the Gender Division of Household Labor},
journal = {Journal of Family Issues},
volume = {35},
number = {7},
pages = {972-992},
year = {2014},
doi = {10.1177/0192513X14522246},
URL = { 
        https://doi.org/10.1177/0192513X14522246
    
},
eprint = { 
        https://doi.org/10.1177/0192513X14522246
    
}

}

@article{https://doi.org/10.1002/ejsp.1939,
author = {Hammond, Matthew D. and Overall, Nickola C.},
title = {When relationships do not live up to benevolent ideals: Women's benevolent sexism and sensitivity to relationship problems},
journal = {European Journal of Social Psychology},
volume = {43},
number = {3},
pages = {212-223},
doi = {https://doi.org/10.1002/ejsp.1939},
url = {https://onlinelibrary.wiley.com/doi/abs/10.1002/ejsp.1939},
eprint = {https://onlinelibrary.wiley.com/doi/pdf/10.1002/ejsp.1939},
year = {2013}
}

@article{https://doi.org/10.1111/joop.12165,
author = {Huffman, Ann Hergatt and Matthews, Russell A. and Irving, Louis H.},
title = {Family fairness and cohesion in marital dyads: Mediating processes between work–family conflict and couple psychological distress},
journal = {Journal of Occupational and Organizational Psychology},
volume = {90},
number = {1},
pages = {95-116},
keywords = {marital dyads, family cohesion, psychological distress, work–family conflict, family systems},
doi = {https://doi.org/10.1111/joop.12165},
url = {https://bpspsychub.onlinelibrary.wiley.com/doi/abs/10.1111/joop.12165},
eprint = {https://bpspsychub.onlinelibrary.wiley.com/doi/pdf/10.1111/joop.12165},
year = {2017}
}

@article{article2,
author = {Helms, Heather and Walls, Jill and Crouter, Ann and McHale, Susan},
year = {2010},
month = {10},
pages = {568-77},
title = {Provider Role Attitudes, Marital Satisfaction, Role Overload, and Housework: A Dyadic Approach},
volume = {24},
journal = {Journal of family psychology : JFP : journal of the Division of Family Psychology of the American Psychological Association (Division 43)},
doi = {10.1037/a0020637}
}

@article{0546b000ecf94c278dbbcc10a41db43d,
title = "Ambivalent sexism in close relationships: (Hostile) power and (benevolent) romance shape relationship ideals",
year = "2010",
month = apr,
doi = "10.1007/s11199-010-9770-x",
language = "English (US)",
volume = "62",
pages = "583--601",
journal = "Sex Roles: A Journal of Research",
issn = "0360-0025",
publisher = "Springer New York",
number = "7-8",
}

@article{article3,
author = {Bareket, Orly and Shnabel, Nurit and Kende, Anna and Knab, Nadine and Bar-Anan, Yoav},
year = {2020},
month = {06},
pages = {},
title = {Need some help, honey? Dependency-oriented helping relations between women and men in the domestic sphere},
volume = {120},
journal = {Journal of Personality and Social Psychology},
doi = {10.1037/pspi0000292}
}

@article{342e1ecdac0d477ba435b81b89713ffc,
title = "The Generalizability of Gender Bias: Testing the Effects of Contextual, Explicit, and Implicit Sexism on Labor Arbitration Decisions",
keywords = "accountability, ambivalent sexism, arbitration, expertise, implicit bias",
author = "Girvan, {Erik J.} and Grace Deason and Eugene Borgida",
note = "Publisher Copyright: {\textcopyright} 2015 American Psychological Association.",
year = "2015",
month = oct,
day = "1",
doi = "10.1037/lhb0000139",
language = "English (US)",
volume = "39",
pages = "525--537",
journal = "Law and Human Behavior",
issn = "0147-7307",
publisher = "Springer New York",
number = "5",
}

@article{66a87b2ab3f14305bf702cad76e76acf,
title = "Hostile and benevolent sexism: Measuring ambivalent sexist attitudes toward women",
year = "1997",
doi = "10.1111/j.1471-6402.1997.tb00104.x",
language = "English (US)",
volume = "21",
pages = "119--135",
journal = "Psychology of Women Quarterly",
issn = "0361-6843",
publisher = "SAGE Publications Ltd",
number = "1",
}

@article{articlesween,
author = {Sweeney, Kristin and Goldberg, Abbie and Garcia, Randi},
year = {2017},
month = {01},
pages = {},
title = {Not a "Mom Thing": Predictors of Gatekeeping in Same-Sex and Heterosexual Parent Families},
volume = {31},
journal = {Journal of Family Psychology},
doi = {10.1037/fam0000261}
}


