@article{ASI,
author = "Peter Glick and Fiske, {Susan T.}",
year = "1997",
doi = "10.1111/j.1471-6402.1997.tb00104.x",
language = "English (US)",
volume = "21",
pages = "119--135",
journal = "Psychology of Women Quarterly",
issn = "0361-6843",
publisher = "SAGE Publications Ltd",
number = "1",
}