@book{Kenny,
author = {Kenny, David and Kashy, Deborah and Cook, William and Simpson, Jeffry},
year = {2006},
month = {01},
pages = {},
title = {Dyadic Data Analysis},
volume = {61},
isbn = {1572309865, 9781572309869},
journal = {American Statistician - AMER STATIST}
}